<record><leader>00000cas a22000007a 4500</leader><controlfield tag="001">37518383</controlfield><controlfield tag="008">970822d193019uucauwr ne      0    0eng d</controlfield><datafield ind1=" " ind2=" " tag="010"><subfield code="a">sn 97069606 </subfield></datafield><datafield ind1=" " ind2=" " tag="040"><subfield code="a">CNK</subfield><subfield code="b">eng</subfield><subfield code="c">CNK</subfield><subfield code="d">OCLCQ</subfield></datafield><datafield ind1=" " ind2=" " tag="042"><subfield code="a">msc</subfield></datafield><datafield ind1="0" ind2=" " tag="130"><subfield code="a">Journal-news (San Diego, Calif.)</subfield></datafield><datafield ind1="1" ind2="4" tag="245"><subfield code="a">The journal-news.</subfield></datafield><datafield ind1="1" ind2="7" tag="246"><subfield code="a">North Park journal</subfield><subfield code="f">Oct. 17, 1930</subfield></datafield><datafield ind1="1" ind2="7" tag="246"><subfield code="a">North Park journal-news</subfield><subfield code="f">Oct. 24, 1930-Feb. 19, 1931</subfield></datafield><datafield ind1=" " ind2=" " tag="260"><subfield code="a">San Diego, Calif. :</subfield><subfield code="b">Progress-Journal Co.</subfield></datafield><datafield ind1=" " ind2=" " tag="300"><subfield code="a">v.</subfield></datafield><datafield ind1=" " ind2=" " tag="310"><subfield code="a">Weekly</subfield></datafield><datafield ind1="0" ind2=" " tag="362"><subfield code="a">Vol. 1, no. 26 (Oct. 17, 1930)-</subfield></datafield><datafield ind1=" " ind2=" " tag="500"><subfield code="a">"Succeeding the North Park Journal and the North Park News."</subfield></datafield><datafield ind1=" " ind2="4" tag="651"><subfield code="a">North Park (San Diego, Calif.)</subfield><subfield code="v">Newspapers.</subfield></datafield><datafield ind1=" " ind2=" " tag="752"><subfield code="a">United States</subfield><subfield code="b">California</subfield><subfield code="c">San Diego</subfield><subfield code="d">San Diego.</subfield></datafield><datafield ind1="0" ind2="0" tag="780"><subfield code="t">North Park journal</subfield><subfield code="w">(DLC)sn 97069605</subfield></datafield><datafield ind1="1" ind2=" " tag="029"><subfield code="a">AU@</subfield><subfield code="b">000013434943</subfield></datafield></record>